<record><leader>00000cas a22000007a 4500</leader><controlfield tag="001">12928688</controlfield><controlfield tag="008">851218d18991904aludr ne      0    0eng d</controlfield><datafield ind1=" " ind2=" " tag="010"><subfield code="a">sn 85045147 </subfield></datafield><datafield ind1=" " ind2=" " tag="040"><subfield code="a">AAR</subfield><subfield code="b">eng</subfield><subfield code="c">AAR</subfield><subfield code="d">CPN</subfield><subfield code="d">OCLCQ</subfield></datafield><datafield ind1=" " ind2=" " tag="042"><subfield code="a">msc</subfield></datafield><datafield ind1="0" ind2=" " tag="130"><subfield code="a">Anniston hot blast (Anniston, Ala. : Daily)</subfield></datafield><datafield ind1="1" ind2="0" tag="245"><subfield code="a">Anniston hot blast.</subfield></datafield><datafield ind1=" " ind2=" " tag="260"><subfield code="a">Anniston, Ala. :</subfield><subfield code="b">Milton A. Smith,</subfield><subfield code="c">1899-1904.</subfield></datafield><datafield ind1=" " ind2=" " tag="300"><subfield code="a">v. :</subfield><subfield code="b">ill. ;</subfield><subfield code="c">53 cm.</subfield></datafield><datafield ind1=" " ind2=" " tag="310"><subfield code="a">Daily</subfield></datafield><datafield ind1="0" ind2=" " tag="362"><subfield code="a">Vol. 17, no. 152 (Sept. 21, 1899)-v. 20, no. 293 (Jan. 1, 1903) ; Jan. 2, 1903-Mar. 8, 1904.</subfield></datafield><datafield ind1=" " ind2=" " tag="500"><subfield code="a">Editor: Milton A. Smith.</subfield></datafield><datafield ind1=" " ind2=" " tag="752"><subfield code="a">United States</subfield><subfield code="b">Alabama</subfield><subfield code="c">Calhoun</subfield><subfield code="d">Anniston.</subfield></datafield><datafield ind1="0" ind2="0" tag="780"><subfield code="t">Daily hot blast</subfield><subfield code="w">(DLC)sn 84024601</subfield></datafield><datafield ind1="0" ind2="0" tag="785"><subfield code="t">Anniston daily hot blast</subfield><subfield code="w">(DLC)sn 85045148</subfield></datafield><datafield ind1="1" ind2=" " tag="029"><subfield code="a">AU@</subfield><subfield code="b">000025834956</subfield></datafield></record>